@inbook{Verbunt2006, 
        place={Cambridge}, 
        series={Cambridge Astrophysics}, 
        title={Globular cluster X-ray sources}, 
        DOI={10.1017/CBO9780511536281.009}, 
        booktitle={Compact Stellar X-ray Sources}, 
        publisher={Cambridge University Press}, 
        author={Verbunt, Frank and Lewin, Walter H. G.}, 
        editor={Lewin, Walter and van der Klis, MichielEditors}, 
        year={2006}, 
        pages={341â€“380}, 
        collection={Cambridge Astrophysics}}